
@article{langer,
	title = {Empowering bioinformatics communities with Nextflow and nf-core},
	author = {Langer, {Björn E.} and Amaral, Andreia and Baudement, Marie-Odile and Bonath, Franziska and Charles, Mathieu and Chitneedi, Praveen Krishna and Clark, Emily L. and Tommaso, Paolo Di and Djebali, Sarah and Ewels, Philip A. and Eynard, Sonia and Yates, James A. Fellows and Fischer, Daniel and Floden, Evan W. and Foissac, Sylvain and Gabernet, Gisela and Garcia, Maxime U. and Gillard, Gareth and Gundappa, Manu Kumar and Guyomar, Cervin and Hakkaart, Christopher and Hanssen, Friederike and Harrison, Peter W. and {Hörtenhuber}, Matthias and Kurylo, Cyril and {Kühn}, Christa and Lagarrigue, Sandrine and Lallias, Delphine and Macqueen, Daniel J. and Miller, Edmund and Mir-Pedrol, {Júlia} and Moreira, Gabriel Costa Monteiro and Nahnsen, Sven and Patel, Harshil and Peltzer, Alexander and Pitel, Frederique and Ramayo-Caldas, Yuliaxis and Ribeiro-Dantas, {Marcel da Câmara} and Rocha, Dominique and Salavati, Mazdak and Sokolov, Alexey and Espinosa-Carrasco, Jose and Notredame, Cedric and Community, The Nf-Core},
	doi = {10.1101/2024.05.10.592912},
	langid = {en}
}
